@Article{ternausnet,
  author={V. Iglovikov and A. Shvets},
  title={TernausNet: U-Net with VGG11 Encoder Pre-Trained on ImageNet for Image Segmentation},
  journal={ArXiv e-prints},
  eprint={1801.05746}, 
  year={2018}
}

@Article{data1,
  author = {Vázquez, D., Bernal, J., Sánchez, F. J., Fernández-Esparrach, G., López, A. M., Romero, A., Drozdzal, M., and Courville, A.},
  year={2017},
  title={A Benchmark for Endoluminal Scene Segmentation of Colonoscopy Images},
  journal={Journal of Healthcare Engineering}
}

@Article{data2,
  author={Bernal, J., Sánchez, J., and Vilarino, F.},
  year={2012},
  title={Towards automatic polyp detection with a polyp appearance model},
  journal={Pattern Recognition, 45(9)},
  pages={3166--3182}
}

@Article{data3,
  author={Bernal, J., Sánchez, F. J., Fernández-Esparrach, G., Gil, D., Rodríguez, C., and Vilariño, F.},
  year={2015},
  title={WM-DOVA maps for accurate polyp highlighting in colonoscopy: Validation vs. saliency maps from physicians},
  journal={Computerized Medical Imaging and Graphics, 43},
  pages={99--111}
}

@Article{vgg,
  title={Very deep convolutional networks for large-scale image recognition},
  author={Simonyan, Karen and Zisserman, Andrew},
  journal={arXiv preprint arXiv:1409.1556},
  year={2014}
}

@InProceedings{imagenet,
  title={Imagenet: A large-scale hierarchical image database},
  author={Deng, Jia and Dong, Wei and Socher, Richard and Li, Li-Jia and Li, Kai and Fei-Fei, Li},
  booktitle={Computer Vision and Pattern Recognition, 2009. CVPR 2009. IEEE Conference on},
  pages={248--255},
  year={2009},
  organization={Ieee}
}

@Article{adam,
  title={Adam: A method for stochastic optimization},
  author={Kingma, Diederik P and Ba, Jimmy},
  journal={arXiv preprint arXiv:1412.6980},
  year={2014}
}

@InProceedings{pseudo,
  title={Pseudo-label: The simple and efficient semi-supervised learning method for deep neural networks},
  author={Lee, Dong-Hyun}
}

@InProceedings{batch,
  title={Efficient mini-batch training for stochastic optimization},
  author={Li, Mu and Zhang, Tong and Chen, Yuqiang and Smola, Alexander J},
  booktitle={Proceedings of the 20th ACM SIGKDD international conference on Knowledge discovery and data mining},
  pages={661--670},
  year={2014},
  organization={ACM}
}

@InProceedings{unet,
  author={O. Ronneberger and P.Fischer and T. Brox},
  title={U-Net: Convolutional Networks for Biomedical Image Segmentation},
  booktitle={Medical Image Computing and Computer-Assisted Intervention (MICCAI)},
  series={LNCS},
  volume={9351},
  pages={234--241},
  year={2015},
  publisher={Springer}
}
